@book{gelman2014bayesian,
  title={Bayesian data analysis},
  author={Gelman, Andrew and Carlin, John B and Stern, Hal S and Dunson, David B and Vehtari, Aki and Rubin, Donald B},
  volume={2},
  year={2014},
  publisher={CRC press Boca Raton, FL}
}

@book{gelman2007data,
  title={Data analysis using regression and multilevel/hierarchical models},
  author={Gelman, Andrew and Hill, Jennifer},
  volume={1},
  year={2007},
  publisher={Cambridge University Press New York, NY, USA}
}

@article{plummer2012jags,
  title={JAGS Version 3.3. 0 user manual},
  author={Plummer, Martyn},
  journal={International Agency for Research on Cancer, Lyon, France},
  year={2012}
}

@article{brooks1998general,
  title={General methods for monitoring convergence of iterative simulations},
  author={Brooks, Stephen P and Gelman, Andrew},
  journal={Journal of computational and graphical statistics},
  volume={7},
  number={4},
  pages={434--455},
  year={1998},
  publisher={Taylor \& Francis}
}

@article{su2015r2jags,
  title={R2jags: Using R to run ‘JAGS’. R package version 0.5--7},
  author={Su, YS and Yajima, M},
  journal={Available: CRAN. R-project. org/package= R2jags.(September 2015)},
  year={2015}
}

@article{ihaka1996r,
  title={R: a language for data analysis and graphics},
  author={Ihaka, Ross and Gentleman, Robert},
  journal={Journal of computational and graphical statistics},
  volume={5},
  number={3},
  pages={299--314},
  year={1996},
  publisher={Taylor \& Francis}
}

@book{kruschke2014doing,
  title={Doing Bayesian data analysis: A tutorial with R, JAGS, and Stan},
  author={Kruschke, John},
  year={2014},
  publisher={Academic Press}
}